@inproceedings{oliveira2020adoption,
  author = {V. Oliveira and L. Teixeira and F. Ebert},
  title = {On the Adoption of Kotlin on Android Development: A Triangulation Study},
  booktitle = {2020 IEEE 27th International Conference on Software Analysis, Evolution and Reengineering (SANER)},
  year = {2020},
  pages = {206-216},
  doi = {10.1109/SANER48275.2020.9054859},
  keywords = {Productivity;Industries;Java;Codes;Virtual machining;Software;Internet;Android;Kotlin;Java},
  address = {London, ON, Canada}
}

@book{casciaro2020nodejs,
  author = {M. Casciaro and L. Mammino},
  title = {Node.js Design Patterns},
  edition = {2nd},
  publisher = {Packt Publishing},
  year = {2020},
  pages = {1-520},
  note = {Referenced pages: 418-421}
}

@inproceedings{8928192,
  author={Al-Debagy, Omar and Martinek, Peter},
  booktitle={2018 IEEE 18th International Symposium on Computational Intelligence and Informatics (CINTI)}, 
  title={A Comparative Review of Microservices and Monolithic Architectures}, 
  year={2018},
  volume={},
  number={},
  pages={000149-000154},
  keywords={Computer architecture;Throughput;Time factors;Testing;Cloud computing;Service-oriented architecture;Concurrent computing;Microservices Architecture;Monolithic Architecture;Performance Evaluation},
  doi={10.1109/CINTI.2018.8928192}}
